@article{Fritzsch94,
  author  = {H. Fritzsch, M. Gell-Mann and H. Leutwyler},
  title   = {Advantages of the Color Octet Gluon Picture},
  journal = {Phys. Lett.},
  volume  = {47 B},
  pages   = {365},
  year    = 1973
}

@article{Gell64,
  author  = {M. Gell-Mann},
  title   = {A Schematic Model of Baryons and Mesons},
  journal = {Phys.Lett.},
  volume  = {8},
  pages   = {214-215},
  year    = 1964
}

@article{Gell62,
  author  = {M. Gell-Mann},
  title   = {Symmetries of baryons and mesons},
  journal = {Phys.Rev.},
  volume  = {125},
  pages   = {1067},
  year    = 1962
}

@article{Neeman61,
  author  = {Y.Ne'eman},
  title   = {Derivation of strong interactions from a gauge invariance},
  journal = {Nucl.Phys.},
  volume  = {26},
  pages   = {1067},
  year    = 1961
}

@article{Zweig64,
  author  = {G. Zweig},
  title   = {An $SU(3)$ model for strong interaction symmetry and its breaking},
  journal = {CERN Preprint 8182/Th.},
  year    = 1964
}

@article{Gross05,
  author  = {D. J. Gross},
  title   = {The discovery of asymptotic freedom and the emergence of QCD},
  journal = {Rev. Mod. Phys.},
  volume  = {77},
  pages   = {837},
  year    = 2005
}

@article{Wilczek05,
  author  = {F. Wilczek},
  title   = {Asymptotic freedom: From paradox to paradigm},
  journal = {Rev. Mod. Phys.},
  volume  = {77},
  pages   = {857},
  year    = 2005
}

@article{Tanabashi18,
  author  = {M. Tanabashi et al. (Particle Data Group)},
  title   = {Review of Particle Physics},
  journal = {Phys. Rev.},
  volume  = {D 98},
  pages   = {030001},
  year    = 2018
}

@article{Meyer18,
  author  = {C. A. Meyer and E. S. Swanson},
  title   = {Hybrid Mesons},
  journal = {Progress in Particle and Nuclear Physics},
  volume  = {B 82},
  pages   = {21},
  year    = 2015
}

@article{Gui07,
  author  = {Gui-Jun Ding, Mu-Lin Yann},
  title   = {A candidate for $1^{--}$ strangeonium hybrid},
  journal = {Phys. Lett.},
  volume  = {B 650},
  pages   = {390},
  year    = 2007
}

@article{Dudek13,
  author  = {J. J. Dudek et al.},
  title   = {Toward the excited isoscalar meson spectrum from lattice QCD},
  journal = {Phys. Rev.},
  volume  = {88},
  pages   = {094505},
  year    = 2013
}

@article{Isgur85,
  author  = {N. Isgur, R. Kokoski, and J. Paton},
  title   = {Gluonic excitations of mesons: Why they are missing and where to find them},
  journal = {Phys. Rev. Lett.},
  volume  = {54},
  pages   = {869},
  year    = 1985
}

@article{Szczepaniak01,
  author  = {A. P. Szczepaniak, M. Swat.},
  title   = {Role of Photoproduction in Exotic Meson Searches},
  journal = {Phys.Lett.},
  volume  = {B 516},
  pages   = {72},
  year    = 2001
}

@article{Bauer78,
  author  = {T. H. Bauer, R. D. Spital, D. R. Yennie and F. M. Pipkin},
  title   = {The hadronic properties of the photon in high-energy interactions},
  journal = {Rev. Mod.Phys.},
  volume  = {50},
  pages   = {261},
  year    = 1978
}

@article{Ghoul17,
  author  = {H. Al Ghoul et al. (GlueX Collaboration)},
  title   = {Measurement of the beam asymmetry $\Sigma$ for $\pi^{0}$ and $\eta$ photoproduction on the proton at $E_{\gamma}$ = 9 GeV},
  journal = {Phys.Rev.},
  volume  = {C 95},
  pages   = {042201(R)},
  year    = 2017
}

@article{Aubert06,
  author  = {B. Aubert et al. (BaBar Collaboration)},
  title   = {Structure at 2175 MeV in $e^+e^- \rightarrow \phi f_0(980)$ observed via initial-state radiation},
  journal = {Phys. Rev.},
  volume  = {D 74},
  pages   = {091103(R)},
  year    = 2006
}

@article{Aubert12,
  author  = {B. Aubert et al. (BaBar Collaboration)},
  title   = {Cross sections for the reactions $e^{+}e^{-} \rightarrow K^+K^{-}\pi^{+}\pi^{-}$, $K^{+}K^{-}\pi^{0}\pi^{0}$ and $K^{+}K^{-}K^{+}K^{-}$ measured using initial-state radiation events},
  journal = {Phys. Rev.},
  volume  = {D 86},
  pages   = {012008},
  year    = 2012
}

@article{Shen09,
  author  = {C. P. Shen et al. (Belle)},
  title   = {Observation of the $\phi(1680)$ and the $Y(2175)$ in $e^{+}e^{-} \rightarrow \phi \pi^{+} \pi^{-}$},
  journal = {Phys. Rev.},
  volume  = {D 80},
  pages   = {031101},
  year    = 2009
}

@article{Ablikim08,
  author  = {M. Ablikim et al. (BES)},
  title   = {Observation of $Y(2175)$ in $e^{+}e^{-} \rightarrow \eta \phi f_{0}(980)$},
  journal = {Phys. Rev. Lett.},
  volume  = {100},
  pages   = {102003},
  year    = 2008
}

@article{Ablikim15,
  author  = {M. Ablikim et al. (BESIII)},
  title   = {Study of $J/\psi \rightarrow \eta \phi \pi^{+} \pi^{-}$},
  journal = {Phys. Rev.},
  volume  = {D 91},
  pages   = {052017},
  year    = 2015
}

@article{Ablikim19,
  author  = {M. Ablikim et al. (BESIII)},
  title   = {Observation of $e^{+}e^{-} \rightarrow \eta Y(2175)$ at center-of-mass energies above 3.7 GeV},
  journal = {Phys. Rev.},
  volume  = {D 99},
  pages   = {012014},
  year    = 2019
}

@article{Chen08,
  author  = {H. X. Chen et al.},
  title   = {$Y(2175)$ state in the QCD sum rule},
  journal = {Phys. Rev.},
  volume  = {D 78},
  pages   = {034012},
  year    = 2008
}

@article{Klempt07,
  author  = {E. Klempt and A. Zaitsev},
  title   = {Glueballs, hybrids, multiquarks: Experimental facts versus QCD inspired concepts},
  journal = {Phys. Rept.},
  volume  = {454},
  pages   = {1},
  year    = 2007
}

@article{Coito09,
  author  = {S. Coito, G. Rupp and E. van Beveren},
  title   = {Multichannel calculation of excited vector $\phi$ resonances and the $\phi(2170)$},
  journal = {Phys.Rev.},
  volume  = {D 80},
  pages   = {094011},
  year    = 2009
}

@article{Alvarez09,
  author  = {L. Alvarez-Ruso, J.A. Oller, J.M. Alarcon},
  title   = {$\phi(1020)f_{0}(980)$ $S$-wave scattering and the $Y(2175)$ resonance},
  journal = {Phys.Rev.},
  volume  = {D 80},
  pages   = {054011},
  year    = 2009
}

@article{Godfrey85,
  author  = {S. Godfrey and N. Isgur},
  title   = {Mesons in a relativized quark model with chromodynamics},
  journal = {Phys.Rev.},
  volume  = {D 32},
  pages   = {189},
  year    = 1985
}

@article{Barnes97,
  author  = {T. Barnes et al.},
  title   = {Higher quarkonia},
  journal = {Phys.Rev.},
  volume  = {D 55},
  pages   = {4157},
  year    = 1997
}

@article{Barnes03,
  author  = {T. Barnes, N. Black, and P. R. Page},
  title   = {Strong decays of strange quarkonia},
  journal = {Phys.Rev.},
  volume  = {D 68},
  pages   = {054014},
  year    = 2003
}

@article{Ding07,
  author  = {G.-J. Ding, M.-L. Yan},
  title   = {$Y(2175)$: Distinguish Hybrid State from Higher Quarkonium},
  journal = {Phys.Rev.},
  volume  = {B 657},
  pages   = {49},
  year    = 2007
}

@article{Charles16,
  author  = {Charles E. Reece},
  title   = {Continuous wave superconducting radio frequency electron linac for nuclear physics research},
  journal = {Phys. Rev. Accel.},
  volume  = {Beams 19},
  pages   = {124801},
  year    = 2016
}

@article{GlueX97,
  author  = {The GlueX Collaboration},
  journal = {Hall D / GlueX Technical Design Report},
  year    = 1997
}

@article{Dugger17,
  author  = {M. Dugger et al.},
  title   = {Design and construction of a high-energy photon polarimeter},
  journal = {Nucl.Instrum.Meth.},
  volume  = {A 867},
  pages   = {115},
  year    = 2017
}

@article{Ghoul16,
  author  = {H. Al Ghoul et al (The GlueX Collaboration)},
  title   = {First Results from The GlueX Experiment},
  journal = {AIP Conf. Proc.},
  volume  = {1735},
  pages   = {020001},
  year    = 2016
}

@article{Haarlem10,
  author  = {Y. Van Haarlem et al. (The GlueX Collaboration)},
  title   = {The Central Drift Chamber for GlueX},
  journal = {Nucl. Instrum. Meth.},
  volume  = {A 662},
  pages   = {142},
  year    = 2010
}

@article{Jarvis20,
  author  = {N. S. Jarvis et al.},
  title   = {The Central Drift Chamber for GlueX},
  journal = {Nucl. Instrum. Meth.},
  volume  = {962},
  pages   = {163727},
  year    = 2020
}

@article{Leo94,
  author  = {W. R. Leo.},
  title   = {Techniques for Nuclear and Particle Physics Experiments: A How-to Approach},
  journal = {Second Revised Edition, Springer-Verlag},
  pages   = {24},
  year    = 1994
}

@article{Blum08,
  author  = {Wa. Blum, W. Riegler and L. Rolandi},
  title   = {Particle Detection with Drift Chambers},
  journal = {Springer-Verlag},
  pages   = {331},
  year    = 2008
}

@article{Cao10,
  author  = {Xue-Xiang Cao et al.},
  title   = {Studies of dE/dx measurements with the BESIII},
  journal = {Chin.Phys.},
  volume  = {C 34},
  pages   = {1852},
  year    = 2010
}

@article{Hauschild96,
  author  = {M. Hauschild},
  title   = {Progress in $dE/dx$ techniques used for particle identification},
  journal = {Nucl. Instrum. Meth.},
  volume  = {A 379},
  pages   = {436},
  year    = 1996
}

@article{Ballam68,
  author  = {J. Ballam et al.},
  title   = {$\gamma ~ - ~ p$ Total Hadronic Cross Sections at 7.5 GeV},
  journal = {Phys. Rev. Lett.},
  volume  = {21},
  pages   = {1544},
  year    = 1968
}

@article{Meyer70,
  author  = {H. Meyer et al.},
  title   = {Total cross section for photoproduction of hadrons on hydrogen and deuterium between 1.0 and 6.4 GeV},
  journal = {Phys. Lett.},
  volume  = {B 33},
  pages   = {189-192},
  year    = 1970
}

@article{Wang14,
  author  = {E. Wang, J. J. Xie, and J. Nieves},
  title   = {Regge signatures from CLAS $\Lambda(1520)$ photoproduction data at forward angles},
  journal = {Phys. Rev.},
  volume  = {C 90},
  pages   = {065203},
  year    = 2014
}

@article{Wang17,
  author  = {Y. Y. Wang et al.},
  title   = {Study on the reaction of $\gamma p \rightarrow f1(1285)p$ in Regge-effective Lagrangian approach},
  journal = {Phys. Rev.},
  volume  = {D 95},
  pages   = {096015},
  year    = 2017
}

@article{Mibe05,
  author  = {T. Mibe et al. [LEPS Collaboration]},
  title   = {Diffractive $\phi$-meson photoproduction on proton near threshold},
  journal = {Phys. Rev. Lett.},
  volume  = {95},
  pages   = {182001},
  year    = 2005
}

@article{Aston81,
  author  = {D. Aston et al.},
  title   = {Evidence for a High Mass Enhancement in $K^{+}K^{-}$ Photoproduction},
  journal = {Phys. Lett.},
  volume  = {B 104},
  pages   = {231},
  year    = 1981
}
